<?xml version="1.0" encoding="UTF-8"?><collection xmlns="http://www.loc.gov/MARC21/slim"><record><leader>00381nam--2200133-i-4500</leader><controlfield tag="001">000012500</controlfield><controlfield tag="002">20161230</controlfield><controlfield tag="005">20161230201029</controlfield><controlfield tag="008">060222s1000------------r-----000-0-eng-d</controlfield><datafield ind1=" " ind2=" " tag="080"><subfield code="a">621.039.003.2:65.012.6</subfield></datafield><datafield ind1=" " ind2=" " tag="245"><subfield code="a">Responsabilite civile en matiere de dommages nucleaires actes officiels</subfield></datafield><datafield ind1=" " ind2=" " tag="260"><subfield code="a">Vienna, Iaea, 1964 Xv + 544 P</subfield></datafield><datafield ind1=" " ind2=" " tag="490"><subfield code="a">Collection Juridique</subfield></datafield><datafield ind1=" " ind2=" " tag="852"><subfield code="a">24340</subfield></datafield></record></collection>